@misc{2,
  title={Global Web Index},
  Bdsk-Url-1 = {https://app.globalwebindex.net/products/report/15-trends-for-2015},
  Howpublished = {\url{https://app.globalwebindex.net/products/report/15-trends-for-2015}}
 }
@misc{fb,
  title = {Computación Aplicada al Desarrollo, Historia de Facebook},
  Bdsk-Url-1 = {http://www.cad.com.mx/historia_de_facebook.htm},
  Howpublished = {\url{http://www.cad.com.mx/historia_de_facebook.htm}}
}
}@misc{1,
  title={Artículo sobre el reciente crecimiento de Facebook}, 
  Bdsk-Url-1 = {http://www.tuexperto.com/2015/02/01/facebook-se-acerca-a-los-1400-millones-de-usuarios-activos/},
  Howpublished = {\url{http://www.tuexperto.com/2015/02/01/facebook-se-acerca-a-los-1400-millones-de-usuarios-activos/}}
}

@misc{evo,
  title = {Evolución y tendendias actuales de los Web Crawlers},
  Bdsk-Url-1 = {dialnet.unirioja.es/descarga/articulo/4797426.pdf},
  Howpublished = {\url{dialnet.unirioja.es/descarga/articulo/4797426.pdf}}
}
@article{brin2012reprint,
  title={Reprint of: The anatomy of a large-scale hypertextual web search engine},
  author={Brin, Sergey and Page, Lawrence},
  journal={Computer networks},
  volume={56},
  number={18},
  pages={3825--3833},
  year={2012},
  publisher={Elsevier}
}
@inproceedings{ibrahim2008scalable,
  title={Scalable e-business social network using MultiCrawler agent},
  author={Ibrahim, Siti Nurkhadijah Aishah and Selamat, Ali},
  booktitle={Computer and Communication Engineering, 2008. ICCCE 2008. International Conference on},
  pages={702--706},
  year={2008},
  organization={IEEE}
} 
@inproceedings{ting2009analyzing,
  title={Analyzing multi-source social data for extracting and mining social networks},
  author={Ting, I and Wu, Hui-Ju and Chang, Pei-Shan and others},
  booktitle={Computational Science and Engineering, 2009. CSE'09. International Conference on},
  volume={4},
  pages={815--820},
  year={2009},
  organization={IEEE}
}
@article{wu2008top,
  title={Top 10 algorithms in data mining},
  author={Wu, Xindong and Kumar, Vipin and Quinlan, J Ross and Ghosh, Joydeep and Yang, Qiang and Motoda, Hiroshi and McLachlan, Geoffrey J and Ng, Angus and Liu, Bing and Philip, S Yu and others},
  journal={Knowledge and Information Systems},
  volume={14},
  number={1},
  pages={1--37},
  year={2008},
  publisher={Springer}
}
@inproceedings{fard2009collaborative,
  title={Collaborative mining in multiple social networks data for criminal group discovery},
  author={Fard, Amin Milani and Ester, Martin},
  booktitle={Computational Science and Engineering, 2009. CSE'09. International Conference on},
  volume={4},
  pages={582--587},
  year={2009},
  organization={IEEE}
}
@misc{cc,
  title = {Proyecto Cloud Computing},
  Bdsk-Url-1 = {http://informatica.gonzalonazareno.org/plataforma/course/view.php?id=47},
  Howpublished = {\url{http://informatica.gonzalonazareno.org/plataforma/course/view.php?id=47}}
}
@misc{login,
  title = {Plantilla de Bootstrap Login},
  Bdsk-Url-1 = {http://www.bootstrapzero.com/bootstrap-template/sign-in},
  Howpublished = {\url{http://www.bootstrapzero.com/bootstrap-template/sign-in}}
} 

@misc{step,
  title = {Plantilla de Bootstrap Formulario por pasos},
  Bdsk-Url-1 = {http://azmind.com/2015/05/31/multi-step-registration-form-bootstrap-css3-jquery/},
  Howpublished = {\url{http://azmind.com/2015/05/31/multi-step-registration-form-bootstrap-css3-jquery/}}
} 
@misc{3,
  title={Eclipse},
  Howpublished = {\url{http://es.wikipedia.org/wiki/Eclipse_(software)}}, 
  Bdsk-Url-1 = {http://es.wikipedia.org/wiki/Eclipse_(software)}
}

@misc{4,
  title={Maven},
  Howpublished = {\url{https://maven.apache.org/}}, 
  Bdsk-Url-1 = {https://maven.apache.org/}
}

@misc{apifb,
  title = {Facebook4j},
  Bdsk-Url-1 = {http://facebook4j.org/en/api-support.html},
  Howpublished = {\url {http://facebook4j.org/en/api-support.html}}
}
@misc{charts,
  title = {Charts4j},
  Bdsk-Url-1 = {https://code.google.com/p/charts4j/},
  Howpublished = {\url {https://code.google.com/p/charts4j/}}
}

@misc{5,
  title={Spring},
  Howpublished = {\url{http://projects.spring.io/spring-framework/}}, 
  Bdsk-Url-1 = {http://projects.spring.io/spring-framework/}
}
@misc{6,
  title={COITT: Colegio Oficial de Ingenieros, Honorarios Profe},
  Howpublished = {\url{http://www.coitt.es/res/libredocs/Honorarios.pdf}}, 
  Bdsk-Url-1 = {http://www.coitt.es/res/libredocs/Honorarios.pdf}
}
@book{rabbitmq,
  title={RabbitMQ in action},
  author={Videla, Alvaro and Williams, Jason JW},
  year={2012},
  publisher={Manning}
}
@misc{BOE,
title={BOE--A-1999-23750},
  Howpublished = {\url{http://www.boe.es/buscar/doc.php?id=BOE-A-1999-23750}}, 
  Bdsk-Url-1 = {http://www.boe.es/buscar/doc.php?id=BOE-A-1999-23750}
}
@misc{Server1,
title={Qué es un servidor y tipos de servidores},
  Howpublished = {\url{http://www.areatecnologia.com/informatica/servidor-y-tipos.html}}, 
  Bdsk-Url-1 = {http://www.areatecnologia.com/informatica/servidor-y-tipos.html}
}
@misc{Server2,
title={Tipos de servidores},
  Howpublished = {\url{http://www.tiposde.org/informatica/131-tipos-de-servidores/}}, 
  Bdsk-Url-1 = {http://www.tiposde.org/informatica/131-tipos-de-servidores/}
}

@misc{NoSQL,
title={Bases de datos NoSQL},
  Howpublished = {\url{http://www.acens.com/wp-content/images/2014/02/bbdd-nosql-wp-acens.pdf
}}, 
  Bdsk-Url-1 = {http://www.acens.com/wp-content/images/2014/02/bbdd-nosql-wp-acens.pdf
}
}
@inproceedings{eichmann1994rbse,
  title={The RBSE spider-balancing effective search against web load},
  author={Eichmann, David},
  booktitle={Proc. 1st WWW Conf},
  year={1994},
  organization={Citeseer}
}
@inproceedings{pinkerton1994finding,
  title={Finding what people want: Experiences with the WebCrawler},
  author={Pinkerton, Brian},
  booktitle={Proceedings of the Second International World Wide Web Conference},
  volume={94},
  pages={17--20},
  year={1994},
  organization={Chicago}
}
@inproceedings{mcbryan1994genvl,
  title={GENVL and WWWW: Tools for taming the web},
  author={McBryan, Oliver A},
  booktitle={Proceedings of the first international world wide web conference},
  volume={341},
  year={1994},
  organization={Geneva}
}
@article{heydon1999mercator,
  title={Mercator: A scalable, extensible web crawler},
  author={Heydon, Allan and Najork, Marc},
  journal={World Wide Web},
  volume={2},
  number={4},
  pages={219--229},
  year={1999},
  publisher={Springer}
}
@article{boldi2004ubicrawler,
  title={Ubicrawler: A scalable fully distributed web crawler},
  author={Boldi, Paolo and Codenotti, Bruno and Santini, Massimo and Vigna, Sebastiano},
  journal={Software: Practice and Experience},
  volume={34},
  number={8},
  pages={711--726},
  year={2004},
  publisher={Wiley Online Library}
}
@inproceedings{zhao2010intelligent,
  title={An Intelligent Topic Web Crawler Based on DTB},
  author={Zhao, Ming-sheng and Zhu, Peng and He, Tian-chi},
  booktitle={Web Information Systems and Mining (WISM), 2010 International Conference on},
  volume={1},
  pages={84--86},
  year={2010},
  organization={IEEE}
}
@inproceedings{anbukodi2011reducing,
  title={Reducing web crawler overhead using mobile crawler},
  author={Anbukodi, S and Muthu Manickam, K},
  booktitle={Emerging Trends in Electrical and Computer Technology (ICETECT), 2011 International Conference on},
  pages={926--932},
  year={2011},
  organization={IEEE}
}
